% =============================================================================
% W ten sposób (przykładowy) można bardzo wygodnie zarządzać całą swoją 
% bibliografią, bez obawy że coś przez przypadek sie usunie jak w Word/Writer
% =============================================================================


%##############################################################################
% Web Pages

@Online{url:wiki-mechanika-kwantowa,
  title = {Mechanika Kwantowa},
  author = {Wikipedia},
  year = {2015},
  month = {2},
  day = {24},
  url = {http://poradnia.pwn.pl/lista.php?id=1528}
}

@Online{url:cpp-bubble-sort,
  title = {Bubble sort},
  author = {MathBits.com},
  year = {2015},
  month = {2},
  day = {23},
  url = {http://mathbits.com/MathBits/CompSci/Arrays/Bubble.htm}
}

@Book{book:test1,
  title = {Świerszcze w żółci},
  author = {Łukasz Świerk},
  year = {2017},
  month = {3},
  day = {1}
}

@Book{book:test2,
  title = {Słowa i czyny},
  author = {Leopold Stal},
  year = {2016},
  month = {12},
  day = {16}
}